@PROCEEDINGS{refbib1,
author={Jazayeri M.},
title={Component programming , a fresh look at software components},
series = {a fresh look at software components. In Proceedings of the 5th European Software Engineering Conference},
publisher = {Springer Verlag},
address={London,UK},
year={1995},
pages={457–478}
}

@PROCEEDINGS{refbib2,
author={Szyperski  C},
title={Component software},
series = {beyond object-oriented programming},
publisher = {ACM Press/Addison-Wesley Publishing Co},
address={New York, NY, USA},
year={1998}
}

@article{refbib3,
        author = {Garland D},
        title = {Software Architecture: a Roadmap},
        journal = {School of Computer Science},
        publisher = {Carnegie Mellon University},
        address={Forbes Avenue Pittsburgh, PA, USA},
        year = {2000}
}

@PROCEEDINGS{refbib4,
author={Garlan D},
title={Software architecture},
series = {perspectives on an emerging discipline},
publisher = {Prentice-Hall, Inc},
address={Upper Saddle River, NJ, USA},
year={1996}
}

@Book{refbib5,
  author    = {Larman , Craig}, 
  title     = {UML 2 et les design patterns},
  publisher = {Paris : Pearson Education},
  year      = 2005,
  edition   = 3,
  note      = {traduction Emmanuelle Burr, Marie-Cécile Baland et Luc Carité},
  isbn      = {2-7440-7090-4}
}

@Misc{refbib6,
  author    = {Thomas, JARDINET}, 
  title     = {Microservices vs SOA : En finir avec l’éternel débat},
  year      = 2016,
  month     = 10,
  howpublished      = {http://www.astrakhan.fr/LeLab/article/Id/Microservices-vs-SOA%C2%A0--En-finir-avec-l-eternel-debat-66}
}

@Misc{refbibrest,
  author    = {Wikipedia}, 
  title     = {REST},
  note      = {https://fr.wikipedia.org/wiki/Representational\_state\_transfer}
}

@Misc{refbibArch,
  author    = {Wikipedia}, 
  title     = {Architecture logicielle},
  howpublished      = {https://fr.wikipedia.org/wiki/Architecture\_logicielle}
}

@book{refbibMiddle,
  author    = {Annick, Fron}, 
  title     = {Architectures réparties en java},
  publisher = {Dunod},
  year      = 2007,
  address   = {Paris},
  month     = 09,
  edition   = 1,
  note      = {RMI, CORBA, JMS, Sockets, SOAP, Service Web},
  isbn      = {9782100511419}
}

@Misc{refbibAcid,
  author    = {Vlad, Mihalcea}, 
  title     = {A beginner’s guide to ACID and database transactions},
  year      = 2014,
  month     = 01,
  howpublished      = {https://vladmihalcea.com/2014/01/05/a-beginners-guide-to-acid-and-database-transactions/}
}

@Misc{refbibBase,
  author    = {Charles, Roe}, 
  title     = {ACID vs. BASE: The Shifting pH of Database Transaction Processing},
  year      = 2012,
  month     = 03,
  howpublished      = {http://www.dataversity.net/acid-vs-base-the-shifting-ph-of-database-transaction-processing/}
}

@Misc{refbibPipeLine,
  author    = {Yann-Gaël, Guéhéneuc}, 
  title     = {architecture logicielle et conception avancée},
  year      = 2012,
  howpublished = {http://www.ptidej.net/courses/log4430/winter12/slides/Cours%201%20-%20Conception%20architecturale%201.pdf},
  note      = {Tiré du cours de Julie Vachon}
}

@Misc{refbibFowler,
  author    = {Fowler, Martin}, 
  title     = {Microservices},
  year      = 2014,
  month     = 03,
  howpublished = {https://martinfowler.com/articles/microservices.html},
  note      = {Decentralized Data Management}
}

@Book{refbibDispo,
  author    = {Dumont, Christian}, 
  title     = {Itil pour un service informatique optimal},
  publisher = {Groupe Eyrolles},
  year      = 2006,
  howpublished      = {http://www.eyrolles.com/Chapitres/9782212117349/chap12_Dumont.pdf},
  isbn      = {2-212-11734-5}
}

@Misc{refbibMonoFirst,
  author    = {Fowler, Martin}, 
  title     = {MonolithFirst},
  year      = 2015,
  month     = 06,
  howpublished = {https://martinfowler.com/bliki/MonolithFirst.html},
}

@Misc{refbibFoundations,
  author    = {Dewayne E.Perry and Alexander L.Wolf}, 
  title     = {Foundations for the study of software architecture},
  year      = 1992,
  month     = 10,
  howpublished = {http://users.ece.utexas.edu/~perry/work/papers/swa-sen.pdf},
}

@Misc{refbibCentreDonnee,
  author    = {Wikipedia}, 
  title     = {Architecture centrée sur les données},
  howpublished = {https://fr.wikipedia.org/wiki/Architecture\_centrée\_sur\_les\_donnée},
}

@Misc{refbibNetflix,
  author    = {Allen Wang and Sudhir Tonse}, 
  title     = {Announcing Ribbon: Tying the Netflix Mid-Tier Services Together},
  year      = 2013,
  month     = 01,
  day       = 28,
  howpublished = {https://medium.com/netflix-techblog/announcing-ribbon-tying-the-netflix-mid-tier-services-together-a89346910a62}
}